@article{fischer2015flownet,
  title={Flownet: Learning optical flow with convolutional networks},
  author={Fischer, Philipp and Dosovitskiy, Alexey and Ilg, Eddy and H{\"a}usser, Philip and Haz{\i}rba{\c{s}}, Caner and Golkov, Vladimir and van der Smagt, Patrick and Cremers, Daniel and Brox, Thomas},
  journal={arXiv preprint arXiv:1504.06852},
  year={2015}
}

@article{geiger2013vision,
  title={Vision meets robotics: The KITTI dataset},
  author={Geiger, Andreas and Lenz, Philip and Stiller, Christoph and Urtasun, Raquel},
  journal={The International Journal of Robotics Research},
  volume={32},
  number={11},
  pages={1231--1237},
  year={2013},
  publisher={Sage Publications Sage UK: London, England}
}
