@article{lowe1987three,
  title={Three-dimensional object recognition from single two-dimensional images},
  author={Lowe, David G},
  journal={Artificial intelligence},
  volume={31},
  number={3},
  pages={355--395},
  year={1987},
  publisher={Elsevier}
},
@inproceedings{scaramuzza2009absolute,
  title={Absolute scale in structure from motion from a single vehicle mounted camera by exploiting nonholonomic constraints},
  author={Scaramuzza, Davide and Fraundorfer, Friedrich and Pollefeys, Marc and Siegwart, Roland},
  booktitle={2009 IEEE 12th International Conference on Computer Vision},
  pages={1413--1419},
  year={2009},
  organization={IEEE}
},
@inproceedings{wang2017deepvo,
  title={Deepvo: towards end-to-end visual odometry with deep recurrent convolutional neural networks},
  author={Wang, Sen and Clark, Ronald and Wen, Hongkai and Trigoni, Niki},
  booktitle={Robotics and Automation (ICRA), 2017 IEEE International Conference on},
  pages={2043--2050},
  year={2017},
  organization={IEEE}
},
@inproceedings{muller2017flowdometry,
  title={Flowdometry: An Optical Flow and Deep Learning Based Approach to Visual Odometry},
  author={Muller, Peter and Savakis, Andreas},
  booktitle={Applications of Computer Vision (WACV), 2017 IEEE Winter Conference on},
  pages={624--631},
  year={2017},
  organization={IEEE}
},
@article{DBLP:journals/corr/MohantyADGSC16,
  author    = {Vikram Mohanty and
               Shubh Agrawal and
               Shaswat Datta and
               Arna Ghosh and
               Vishnu Dutt Sharma and
               Debashish Chakravarty},
  title     = {DeepVO: {A} Deep Learning approach for Monocular Visual Odometry},
  journal   = {CoRR},
  volume    = {abs/1611.06069},
  year      = {2016},
  url       = {http://arxiv.org/abs/1611.06069},
  timestamp = {Wed, 07 Jun 2017 14:40:39 +0200},
  biburl    = {http://dblp.uni-trier.de/rec/bib/journals/corr/MohantyADGSC16},
  bibsource = {dblp computer science bibliography, http://dblp.org}
}